%Experimental Setup
%%%%%%%%%%%%%%%%%%%

@article{Grohman2008,
	author = {Grohmann,S.  and Bonn,J.  and others},
	title = "CRYOGENIC DESIGN OF THE {KATRIN} SOURCE CRYOSTAT",
	journal = {AIP Conference Proceedings},
	volume = {985},
	number = {1},
	pages = {1277-1284},
	year = {2008},
	doi = {10.1063/1.2908483},
	language = "english"
}

@phdthesis{Babutzka2014,
    author       = {Babutzka, Martin},
  	school = {KIT},
    year         = {2014},
    title        = "Design and development for the Rearsection of the {KATRIN} experiment",
    doi          = {10.5445/IR/1000045598},
    publisher    = {{KIT, Karlsruhe}},
    keywords     = {KATRIN Experiment, Rearsection, Calibration, Monitoring},
    language     = {english}
}
@article{Kuckert2018,
title = "Modelling of gas dynamical properties of the {KATRIN} tritium source and implications for the neutrino mass measurement",
journal = "Vacuum",
volume = "158",
pages = "195 - 205",
year = "2018",
issn = "0042-207X",
doi = "https://doi.org/10.1016/j.vacuum.2018.09.036",
author = "Laura Kuckert and Florian Heizmann and others",
    language = "english"
}

@phdthesis{Jansen2015,
    author       = {Jansen, Alexander},
  school = {KIT},
    year         = {2015},
    title        = {The Cryogenic Pumping Section of the {KATRIN} Experiment - Design Studies and Experiments for the Commissioning},
    doi          = {10.5445/IR/1000047146},
    publisher    = {{KIT, Karlsruhe}},
    language     = {english}
}

@phdthesis{Kosmider2012,
    author       = {Kosmider, Andreas},
  school = {KIT},
    year         = {2012},
    title        = {Tritium Retention Techniques in the {KATRIN} Transport Section and Commissioning of its {DPS2-F} Cryostat},
    doi          = {10.5445/IR/1000028959},
    publisher    = {{KIT, Karlsruhe}},
    language     = {english}
}

@phdthesis{Harms2015,
    author       = {Harms, Fabian Thomas},
  school = {KIT},
    year         = {2015},
    title        = {Characterization and Minimization of Background Processes in the {KATRIN} Main Spectrometer},
    doi          = {10.5445/IR/1000050027},
    publisher    = {{KIT, Karlsruhe}},
    note         = {51.03.01; LK 01},
    keywords     = {Neutrinos, KATRIN, Spectrometer, Background, Radon},
    language     = {english}
}

@article{Ubieto2009,
title = "A broad-band {FT-ICR} Penning trap system for {KATRIN}",
journal = "International Journal of Mass Spectrometry",
volume = "288",
number = "1",
pages = "1 - 5",
year = "2009",
issn = "1387-3806",
doi = "https://doi.org/10.1016/j.ijms.2009.07.003",
author = "M. {Ubieto-Díaz} and D. Rodríguez and others",
language= "english"
}

@phdthesis{SeitzM2019,
  type = {PhD thesis},
  title = {Characterisation of the {KATRIN} tritium source and evaluation of systematic effects},
  author = {Seitz-Moskaliuk, H.},
  school = {KIT},
  year = {2019},
  language = "english"
}

@article{Ellinger2017,
	doi = {10.1088/1742-6596/888/1/012229},
	year = 2017,
	month = {sep},
	publisher = {{IOP} Publishing},
	volume = {888},
	pages = {012229},
	author = {E. Ellinger and N. Hau{\ss}mann and others},
	title = {Monitoring the {KATRIN} source properties within the beamline},
	journal = {Journal of Physics: Conference Series},
	language = {english}
}

@phdthesis{Bauer2014,
  type = {PhD thesis},
  title = {Energy calibration and stability monitoring of the {KATRIN} experiment},
  author = {Bauer, S.},
  school = {WWU},
  year = {2014},
  language = "english"
}

@phdthesis{Valerius2009,
  type = {PhD thesis},
  title = {Spectrometer-related background processes and their suppression in the {KATRIN} experiment},
  author = {Valerius, K.},
  school = {WWU},
  year = {2009},
  language = "english"
}

@article{Erhard2018,
	doi = {10.1088/1748-0221/13/02/p02003},
	year = 2018,
	month = {feb},
	publisher = {{IOP} Publishing},
	volume = {13},
	number = {02},
	pages = {P02003--P02003},
	author = {M. Erhard and J. Behrens and others},
	title = {Technical design and commissioning of the {KATRIN} large-volume air coil system},
	journal = {Journal of Instrumentation},
  language = "english"
}

@article{Letnev2018,
	doi = {10.1088/1748-0221/13/08/t08010},
	year = 2018,
	month = {aug},
	publisher = {{IOP} Publishing},
	volume = {13},
	number = {08},
	pages = {T08010--T08010},
	author = {J. Letnev and W. Hazenbiller and others},
	title = {Technical design and commissioning of a sensor net for fine-meshed measuring of the magnetic field at the {KATRIN} spectrometer},
	journal = {Journal of Instrumentation},
  language = "english"
}

@article{Prall2012,
	doi = {10.1088/1367-2630/14/7/073054},
	year = 2012,
	month = {jul},
	publisher = {{IOP} Publishing},
	volume = {14},
	number = {7},
	pages = {073054},
	author = {M Prall and P Renschler and others},
	title = {The {KATRIN} pre-spectrometer at reduced filter energy},
	journal = {New Journal of Physics},
  language = "english"
}

@article{Thuemmler2009,
	doi = {10.1088/1367-2630/11/10/103007},
	year = 2009,
	month = {oct},
	publisher = {{IOP} Publishing},
	volume = {11},
	number = {10},
	pages = {103007},
	author = {Thümmler, T. and Marx, R. and others},
	title = {Precision high voltage divider for the {KATRIN} experiment},
	journal = {New Journal of Physics},
  language = "english"
}

@article{Arenz2016,
	doi = {10.1088/1748-0221/11/04/p04011},
	year = 2016,
	month = {apr},
	publisher = {{IOP} Publishing},
	volume = {11},
	number = {04},
	pages = {P04011--P04011},
	author = {M. Arenz and M. Babutzka and others},
	title = {Commissioning of the vacuum system of the {KATRIN} Main Spectrometer},
	journal = {Journal of Instrumentation},
  language = "english"
}

@article{Erhard2014,
	doi = {10.1088/1748-0221/9/06/p06022},
	year = 2014,
	month = {jun},
	publisher = {{IOP} Publishing},
	volume = {9},
	number = {06},
	pages = {P06022--P06022},
	author = "Erhard, M. and Bauer, S. and others",
	title = {High-voltage monitoring with a solenoid retarding spectrometer at the {KATRIN} experiment},
	journal = {Journal of Instrumentation},
  language = "english"
}

@article{Amsbaugh2015,
title = "Focal-plane detector system for the {KATRIN} experiment",
journal = "Nuclear Instruments and Methods in Physics Research Section A: Accelerators, Spectrometers, Detectors and Associated Equipment",
volume = "778",
pages = "40 - 60",
year = "2015",
issn = "0168-9002",
doi = "https://doi.org/10.1016/j.nima.2014.12.116",
author = "J.F. Amsbaugh and J. Barrett and others",
language="english"
}

@article{Kleesiek2019,
author="Kleesiek, M. and Behrens, J. and others",
title="{$\upbeta$}-Decay spectrum, response function and statistical model for neutrino mass measurements with the {KATRIN} experiment",
journal="The European Physical Journal C",
year="2019",
month="Mar",
day="07",
volume="79",
number="3",
pages="204",
issn="1434-6052",
doi="10.1140/epjc/s10052-019-6686-7",
    language     = {english}
}

@phdthesis{Trost2019,
    author       = {Trost, N. Rainer-Maria},
    year         = {2019},
    title        = {Modeling and measurement of {Rydberg}-State mediated Background at the {KATRIN} Main Spectrometer},
    doi          = {10.5445/IR/1000090450},
    publisher    = {{KIT, Karlsruhe}},
    note         = {51.03.01; LK 01},
    pagetotal    = {178},
    school       = {KIT},
    language     = {english}
}

%FSDs
%%%%%
@article{Svante1999,
  title = {Neutrino-mass determination from tritium {$\ensuremath{\beta}$} decay: Corrections to and prospects of experimental verification of the final-state spectrum},
  author = {Jonsell, Svante and Saenz, Alejandro and Froelich, Piotr},
  journal = {Phys. Rev. C},
  volume = {60},
  issue = {3},
  pages = {034601},
  numpages = {12},
  year = {1999},
  month = {Jul},
  publisher = {American Physical Society},
  doi = {10.1103/PhysRevC.60.034601},
    language     = {english}
}

@article{Bodine2015,
  title = {Assessment of molecular effects on neutrino mass measurements from tritium {$\ensuremath{\beta}$} decay},
  author = {Bodine, L. I. and Parno, D. S. and Robertson, R. G. H.},
  journal = {Phys. Rev. C},
  volume = {91},
  issue = {3},
  pages = {035505},
  numpages = {24},
  year = {2015},
  month = {Mar},
  publisher = {American Physical Society},
  doi = {10.1103/PhysRevC.91.035505},
    language     = {english}
}

@phdthesis{Groh2015,
    author       = {Groh, Stefan},
    year         = {2015},
    title        = {Modeling of the response function and measurement of transmission properties of the {KATRIN} experiment},
    doi          = {10.5445/IR/1000046546},
    school   	 = {{KIT}},
    language     = {english}
}

@phdthesis{Kleesiek2014,
    author       = {Kleesiek, Marco},
    year         = {2014},
    title        = {A Data-Analysis and Sensitivity-Optimization Framework for the {KATRIN} Experiment},
    doi          = {10.5445/IR/1000043301},
    school   	 = {{KIT}},
    language     = {english}
}

% eloss
%%%%%%%

@Article{Aseev2000,
author="Aseev, V.N.
and Belesev, A.I.
and others",
title="Energy loss of 18 {keV} electrons in gaseous {T} and quench condensed {D} films",
journal="The European Physical Journal D - Atomic, Molecular, Optical and Plasma Physics",
year="2000",
month="Mar",
day="01",
volume="10",
number="1",
pages="39--52",
issn="1434-6079",
doi="10.1007/s100530050525",
    language     = {english}
}

@Article{Abdurashitov2017,
	author="Abdurashitov, D. N.
	and Belesev, A. I.
	others",
	title="Electron scattering on hydrogen and deuterium molecules at 14--25 {keV} by the `{Troitsk} nu-mass' experiment",
	journal="Physics of Particles and Nuclei Letters",
	year="2017",
	month="Nov",
	day="01",
	volume="14",
	number="6",
	pages="892--899",
	issn="1531-8567",
	doi="10.1134/S1547477117060024",
    language     = {english}
}

% code
%%%%%%

@misc{KATRINCOL2019,
  author = {{KATRIN collaboration}},
  title = "{KATRIN} Analysis and Simulations Package {(KASPER)}",
  year = {2019},
  publisher = {GitLab},
  journal = {GitLab repository},
  howpublished = {\url{https://nuserv.uni-muenster.de:8443/katrin-git/kasper}},
  commit = {c20191136586a8745030d9d0ec512f9817f582a5},
  language     = {english}
}