@article{Liu1973,
  title = "Total Inelastic Cross Section for Collisions of {${\mathrm{H}}_{2}$} with Fast Charged Particles",
  author = {Liu, J. W.},
  journal = {Phys. Rev. A},
  volume = {7},
  number = {1},
  pages = {103--109},
  numpages = {0},
  year = {1973},
  publisher = {American Physical Society},
  doi = {10.1103/PhysRevA.7.103},
  hyphenation = {english}
}

@article{Liu1987,
	title = "Total cross sections for high-energy electron scattering by 
	{${\mathrm{H}}_{2}$}
	{${(}^{1}$}
	{${\ensuremath{\Sigma}}_{g}^{+}$}), 
	{${\mathrm{N}}_{2}$}
	{${(}^{1}$${\ensuremath{\Sigma}}_{g}^{+}$}), and 
	{${\mathrm{O}}_{2}$}
	{${(}^{3}$}
	{${\ensuremath{\Sigma}}_{g}^{\mathrm{\ensuremath{-}}}$})",
	author = {Liu, J. W.},
	journal = {Phys. Rev. A},
	volume = {35},
	number = {2},
	pages = {591--597},
	numpages = {0},
	year = {1987},
	publisher = {American Physical Society},
	doi = {10.1103/PhysRevA.35.591}
}

@article{Gerhart1975,
	author = {Gerhart, D. E.},
	title = {Comprehensive optical and collision data for radiation action. {I. H2}},
	journal = {J. Chem. Phys.},
	volume = {62},
	number = {3},
	pages = {821-832},
	year = {1975},
	doi = {10.1063/1.430533}
}

@thesis{Antoni2015,
	type		 = "Diploma thesis",
	author       = {Antoni, J.},
	school		 = {KIT},
	year         = {2015},
	title        = {{Monte-Carlo} Simulations of Systematic Effects due to Inelastic Scattering in the {KATRIN} Tritium Source},
	publisher    = {{KIT, Karlsruhe}},
	hyphenation     = {english}
}

@article{INOKUTI1971,
	title = {Inelastic Collisions of Fast Charged Particles with Atoms and Molecules---The {Bethe} Theory Revisited},
	author = {Inokuti, M.},
	journal = {Rev. Mod. Phys.},
	volume = {43},
	number = {3},
	pages = {297--347},
	year = {1971},
	publisher = {American Physical Society},
	doi = {10.1103/RevModPhys.43.297}
}
