@ARTICLE{Feldman1998,
       author = {{Feldman}, Gary J. and {Cousins}, Robert D.},
        title = "{Unified approach to the classical statistical analysis of small signals}",
         year = "1998",
       volume = {57},
       number = {7},
        pages = {3873-3889},
          doi = {10.1103/PhysRevD.57.3873},
      journal = {Phys. Rev. D}
}

@article{Neyman1937,
 author = {J. Neyman},
 journal = {Philos. Trans. Royal Soc. A},
 number = {767},
 pages = {333--380},
 publisher = {The Royal Society},
 title = {Outline of a Theory of Statistical Estimation Based on the Classical Theory of Probability},
 volume = {236},
 year = {1937}
}

@article{wilks1938,
	author = "Wilks, S. S.",
	doi = "10.1214/aoms/1177732360",
	journal = "Ann. Math. Statist.",
	number = "1",
	pages = "60--62",
	publisher = "The Institute of Mathematical Statistics",
	title = "The Large-Sample Distribution of the Likelihood Ratio for Testing Composite Hypotheses",
	volume = "9",
	year = "1938"
}

@phdthesis{Hoetzel2012,
	author       = {Hötzel, Markus},
	year         = {2012},
	title        = {Simulation and analysis of source-related effects for {KATRIN}},
	doi          = {10.5445/IR/1000031259},
	publisher    = {{KIT}},
	school   	 = {{KIT}},
	hyphenation     = {english}
}

@phdthesis{Kaefer2012,
	author       = {Käfer, Wolfgang},
	year         = {2012},
	title        = {Sensitivity Studies for the {KATRIN} experiment},
	doi          = {10.5445/IR/1000026021},
	publisher    = {{KIT}},
	school   	 = {{KIT}},
	hyphenation     = {english}
}

@article{James1998,
	author        = "James, F",
	title         = "{MINUIT: Function Minimization and Error Analysis
	Reference Manual}",
	year          = "1998",
	reportNumber  = "CERNLIB-D506",
	url           = "https://cds.cern.ch/record/2296388",
	note          = "CERN Program Library Long Writeups",
	keywords = {katrinSoftware},
	shorthand = {S-MIN}
}
