@article{Kim1994,
  title = {Binary-encounter-dipole model for electron-impact ionization},
  author = {Kim, Yong-Ki and Rudd, M. Eugene},
  journal = {Phys. Rev. A},
  volume = {50},
  issue = {5},
  pages = {3954--3967},
  numpages = {0},
  year = {1994},
  publisher = {American Physical Society},
  doi = {10.1103/PhysRevA.50.3954}
}

@article{Bonn1999,
	title = "A high resolution electrostatic time-of-flight spectrometer with adiabatic magnetic collimation",
	journal = "Nucl. Instrum. Methods Phys. Res.",
	volume = "421",
	number = "1",
	pages = "256 - 265",
	year = "1999",
	doi = "https://doi.org/10.1016/S0168-9002(98)01263-7",
	author = "J Bonn and others"
}