%Misc
%%%%%
@article{Angrik:2005ep,
      author         = "Angrik, J. and others",
      title          = "{KATRIN} design report 2004",
      collaboration  = "KATRIN",
      year           = "2005",
      language = "english",
      journal = "{Wissenschaftliche Berichte / Forschungszentrum Karlsruhe}",
      volume = {7090},
      shorthand = {KAT05}
}
