@article{Kleesiek2019,
	author="Kleesiek, M. and others",
	title="{$\upbeta$}-Decay spectrum, response function and statistical model for neutrino mass measurements with the {KATRIN} experiment",
	journal="Eur. Phys. J. C",
	year="2019",
	volume="79",
	number="3",
	pages="204",
	doi="10.1140/epjc/s10052-019-6686-7",
	hyphenation     = {english}
}

@phdthesis{Groh2015,
	author       = {Groh, Stefan},
	year         = {2015},
	title        = {Modeling of the response function and measurement of transmission properties of the {KATRIN} experiment},
	doi          = {10.5445/IR/1000046546},
	school   	 = {{KIT}},
	hyphenation  = {english}
}

@article{Myers2015,
	title = {Atomic Masses of Tritium and Helium-3},
	author = {Myers, E. G. and others},
	journal = {Phys. Rev. Lett.},
	volume = {114},
	number = {1},
	pages = {013003},
	numpages = {5},
	year = {2015},
	publisher = {American Physical Society},
	doi = {10.1103/PhysRevLett.114.013003}
}

@article{ANTCHEVA2009,
	title = "{ROOT} â€” {A C++} framework for petabyte data storage, statistical analysis and visualization",
	journal = "Comput. Phys. Commun.",
	volume = "180",
	number = "12",
	pages = "2499 - 2512",
	year = "2009",
	doi = "https://doi.org/10.1016/j.cpc.2009.08.005",
	author = "I. Antcheva and others"
}
