%History of Neutrinos
%%%%%%%%%%%%%%%%%%%%%
@article{Becquerel:1,
    author = {Becquerel, H.},
    year = {1895},
    pages = {501-503},
    title = "Sur les Radiations Invisibles Émises par les Corps Phosphorescents",
    volume = {122},
    journal = {C. R. Acad. Sci.},
    language = "french",
    hyphenation = "french"
}

@article{Rutherford:1,
    author = {Rutherford, E.},
    title = "{VIII. Uranium radiation and the electrical conduction produced by it}",
    journal = {The London, Edinburgh, and Dublin Philosophical Magazine and Journal of Science},
    volume = {47},
    number = {284},
    pages = {109-163},
    year  = {1899},
    doi = {10.1080/14786449908621245},
    hyphenation = "english"
}

@article{Thomson:1,
	author = {Thomson, J. J.},
	title = "{XL}. {C}athode Rays",
	journal = {The London, Edinburgh, and Dublin Philosophical Magazine and Journal of Science},
	volume = {44},
	number = {269},
	pages = {293-316},
	year  = {1897},
	doi = {10.1080/14786449708621070},
	hyphenation = "english"
}

@article{Becquerel:2,
	author = {Becquerel, H.},
	title = "Contribution à l’étude du rayonnement du radium",
	journal = {J. Phys. Theor. Appl.},
	volume = {9},
	number = {1},
	pages = {190-199},
	year  = {1900},
	language = "french",
	hyphenation = "french"
}

@article{Chadwick:1,
      author        = "Chadwick, J.",
      title         = "Intensitätsverteilung im magnetischen Spectrum der
                       {$\upbeta$}-Strahlen von Radium {B + C}",
      journal       = "Verhandl. Dtsch. Phys. Ges.",
      volume        = "16",
      pages         = {383},
      year          = "1914",
      language 		= "german",
      hyphenation	= "german"
}

@article{Ellis:1,
      author        = "Ellis, C. D. and Wooster, W. A.",
      title         = "The average energy of disintegration of radium {E}",
      journal       = "Proc. Royal Soc. Lond. A", 
      volume        = "117",
      pages         = {109},
      year          = "1927",
      doi           = "10.1098/rspa.1927.0168",
      hyphenation	= "english"
}

@article{Bohr:1,
    author          = "Bohr, N.",
    title           = "Faraday lecture. {C}hemistry and the quantum theory of atomic constitution",
    journal         = "J. Chem. Soc.",
    year            = "1932",
    number           = "0",
    pages           = {349-384},
    publisher       = "The Royal Society of Chemistry",
    doi             = "10.1039/JR9320000349",
	hyphenation		= "english"
}

@book{Pauli1930,
	title="",
	author={Pauli, W.},
	isbn={9783540788010},
	year={1930},
	language = "ngerman",
	hyphenation	= "german",
	note = "Published in: ``Wissenschaftlicher Briefwechsel mit {Bohr}, {Einstein}, {Heisenberg} u.a. Band II: 1930--1939'' by V.F. Weisskopff et al. (1985). Springer Berlin Heidelberg"
}

@article{Fermi1934,
    author="Fermi, E.",
    title="Versuch einer Theorie der {$\upbeta$}-Strahlen",
    journal="Z. Phys.",
    year="1934",
    volume="88",
    number="3",
    pages="161--177",
    doi="10.1007/BF01351864",
    language = "ngerman",
    hyphenation	= "german"
}

@article{Cowan103,
	author = {Cowan, C. L. and others},
	title = "Detection of the Free Neutrino: a Confirmation",
	volume = {124},
	number = {3212},
	pages = {103--104},
	year = {1956},
	doi = {10.1126/science.124.3212.103},
	publisher = {American Association for the Advancement of Science},
	journal = {Science},
    hyphenation = "english"
}

@article{Lee1956,
  title = "Question of Parity Conservation in Weak Interactions",
  author = {Lee, T. D. and Yang, C. N.},
  journal = {Phys. Rev.},
  volume = {104},
  number = {1},
  pages = {254--258},
  numpages = {0},
  year = {1956},
  publisher = {American Physical Society},
  doi = {10.1103/PhysRev.104.254},
  hyphenation = "english"
}

@article{Wu1957,
  title = "Experimental Test of Parity Conservation in Beta Decay",
  author = {Wu, C. S. and others},
  journal = {Phys. Rev.},
  volume = {105},
  number = {4},
  pages = {1413--1415},
  numpages = {0},
  year = {1957},
  publisher = {American Physical Society},
  doi = {10.1103/PhysRev.105.1413},
  hyphenation = "english"
}

@article{Goldhaber1958,
  title = "Helicity of Neutrinos",
  author = {Goldhaber, M. and others},
  journal = {Phys. Rev.},
  volume = {109},
  number = {3},
  pages = {1015--1017},
  numpages = {0},
  year = {1958},
  publisher = {American Physical Society},
  doi = {10.1103/PhysRev.109.1015},
  hyphenation = "english"
}

@article{Danby1962,
      author         = "Danby, G. and others",
      title          = "Observation of High-Energy Neutrino Reactions and the Existence of Two Kinds of Neutrinos",
      journal        = "Phys. Rev. Lett.",
      volume         = "9",
      year           = "1962",
      pages          = "36-44",
      doi            = "10.1103/PhysRevLett.9.36",
      hyphenation = "english"
}

@article{Glashow:1961,
      author         = "Glashow, S. L.",
      title          = "Partial Symmetries of Weak Interactions",
      journal        = "Nucl. Phys.",
      volume         = "22",
      year           = "1961",
      pages          = "579-588",
      doi            = "10.1016/0029-5582(61)90469-2",
      hyphenation	 = "english"
}

@article{Weinberg1967,
  title = "A Model of Leptons",
  author = {Weinberg, Steven},
  journal = {Phys. Rev. Lett.},
  volume = {19},
  number = {21},
  pages = {1264--1266},
  numpages = {0},
  year = {1967},
  publisher = {American Physical Society},
  doi = {10.1103/PhysRevLett.19.1264},
  hyphenation = "english"
}

@article{Salam:1968,
      author         = "Salam, Abdus",
      title          = "Weak and Electromagnetic Interactions",
      journal        = "Procedings of the Eighth Nobel Symposium",
      year           = "1968",
      pages          = "367-377",
      hyphenation 	 = "english"
}

@article{Higgs:1964pj,
	author         = "Higgs, P. W.",
	title          = "Broken Symmetries and the Masses of Gauge Bosons",
	journal        = "Phys. Rev. Lett.",
	volume         = "13",
	year           = "1964",
	pages          = "508-509",
	doi            = "10.1103/PhysRevLett.13.508"
}

@article{Noether1918,
	author = {Noether, E.},
	note = "In: ``Nachrichten von der Gesellschaft der Wissenschaften zu Göttingen, Mathematisch-Physikalische Klasse''",
	pages = {37-44},
	title = {Invarianten beliebiger Differentialausdrücke},
	year = {1918},
	hyphenation = "ngerman"
}

@article{NumberOfNeutrinos,
title = "Determination of the number of light neutrino species from single photon production at {LEP}",
author = "M. Acciarri and others",
journal = "Phys. Lett.",
volume = "431",
number = "1",
pages = "199-208",
year = "1998",
doi = "10.1016/0370-2693(89)90704-1",
hyphenation = "english"
}

@article{Kodama2000,
      author         = "Kodama, K. and others",
      title          = "Observation of tau neutrino interactions",
      collaboration  = "{DONUT}",
      journal        = "Phys. Lett. B",
      volume         = "504",
      year           = "2001",
      pages          = "218-224",
      doi            = "10.1016/S0370-2693(01)00307-0",
      hyphenation	 = "english"
}

@article{Maki1962,
	author = "Maki, Ziro and Nakagawa, Masami and Sakata Shoichi",
	title = "Remarks on the Unified Model of Elementary Particles",
	journal = {Progress of Theoretical Physics},
	volume = {28},
	number = {5},
	pages = {870-880},
	year = {1962},
	doi = {10.1143/PTP.28.870}
}


@article{Pontecorvo1957,
	author         = "Pontecorvo, B.",
	title          = "Inverse beta processes and nonconservation of lepton charge",
	journal        = "Sov. Phys. JETP",
	volume         = "7",
	year           = "1958",
	pages          = "172-173"
}


%Text Books
%%%%%%%%%%%
@book{zuber2011neutrino,
  title={Neutrino Physics},
  edition = {2},
  author={Zuber, K.},
  isbn={9781420064711},
  year={2011},
  hyphenation = "english",
  publisher = {CRC Press, Boca Raton},
}

@book{zee2003quantum,
	title="Quantum Field Theory in a Nutshell",
	author={Zee, A.},
	isbn={9780691010199},
	year={2003},
	publisher={Princeton University Press, Princeton}
}

@book{Wouter2019,
	title = {Particles, Fields and Forces : A Conceptual Guide to Quantum Field Theory and the Standard Model},
	author = {Wouter Schmitz},
	year = {2019},
	isbn = {9783030128784},
	publisher = {Springer International Publishing
	},
	edition = {1},
}



%Experimental Data
%%%%%%%%%%%%%%%%%%
@article{ReviewOfParticlePhysics,
  title = {Review of Particle Physics},
  author = {Tanabashi, M. and others},
  collaboration = {Particle Data Group},
  journal = {Phys. Rev. D},
  volume = {98},
  number = {3},
  pages = {030001},
  numpages = {1898},
  year = {2018},
  publisher = {American Physical Society},
  doi = {10.1103/PhysRevD.98.030001},
  hyphenation = "english"
}

@article{AGUILARAREVALO200928,
	title = "The {MiniBooNE} detector",
	journal = "Nucl. Instrm. Meth. A",
	volume = "599",
	number = "1",
	pages = "28-46",
	year = "2009",
	doi = "doi.org/10.1016/j.nima.2008.10.028",
	author = "A. A. Aguilar-Arevalo and others"
}

@article{Fukuda:1998mi,
	author         = "Fukuda, Y. and others",
	title          = "Evidence for oscillation of atmospheric neutrinos",
	collaboration  = "{Super-KamiokaNDE}",
	journal        = "Phys. Rev. Lett.",
	volume         = "81",
	year           = "1998",
	pages          = "1562-1567",
	doi            = "10.1103/PhysRevLett.81.1562"
}

@ARTICLE{Abe2016,
	author = "{Abe}, Y. and others",
	title = "Measurement of {$\ensuremath{\theta}_{13}$} in {Double Chooz} using neutron captures on hydrogen with novel background rejection techniques",
	journal = "J. High Energ. Phys.",
	year = "2016",
	volume = {2016},
	eid = {163},
	pages = {163},
	doi = {10.1007/JHEP01(2016)163}
}


%Solar Neutrinos
%%%%%%%%%%%%%%%%

@article{Bethe38,
  title = {The Formation of Deuterons by Proton Combination},
  author = {Bethe, H. A. and Critchfield, C. L.},
  journal = {Phys. Rev.},
  volume = {54},
  number = {4},
  pages = {248--254},
  numpages = {0},
  year = {1938},
  publisher = {American Physical Society},
  doi = {10.1103/PhysRev.54.248},
  hyphenation = "english"
}

@article{Bethe39,
  title = {Energy Production in Stars},
  author = {Bethe, H. A.},
  journal = {Phys. Rev.},
  volume = {55},
  number = {5},
  pages = {434--456},
  numpages = {0},
  year = {1939},
  publisher = {American Physical Society},
  doi = {10.1103/PhysRev.55.434},
  hyphenation = "english"
}

@article{Weiz1938,
  title = {Über Elementumwandlungen im Innern der Sterne},
  author = {Weizäcker, C. F.},
  journal = {Phys. Zeit.},
  volume = {39},
  number = {633},
  pages = {46},
  year = {1938},
  language = "ngerman",
  hyphenation	= "german"
}

@article{Cleveland1998,
      author         = "Cleveland, B. T. and others",
      title          = "Measurement of the solar electron neutrino flux with the {Homestake} chlorine detector",
      journal        = "Astrophys. J.",
      volume         = "496",
      year           = "1998",
      pages          = "505-526",
      doi            = "10.1086/305343",
      hyphenation	 = "english"
}

@article{Kirsten1998,
title = "{GALLEX} solar neutrino results",
journal = "Prog. Part. Nucl. Phys.",
volume = "40",
pages = "85-99",
year = "1998",
doi = "doi.org/10.1016/S0146-6410(98)00013-1",
author = "T.A. Kirsten",
hyphenation = "english"
}

@ARTICLE{Bahcall1996,
	author = {{Bahcall}, John N.},
	title = "Solar Neutrinos: {W}here We Are, Where We Are Going",
	journal = {Astrophys. J},
	year = "1996",
	volume = {467},
	pages = {475},
	doi = {10.1086/177624},
}

@article{Altmann2005,
title = "Complete results for five years of {GNO} solar neutrino observations",
journal = "Phys. Lett. B",
volume = "616",
number = "3",
pages = "174-190",
year = "2005",
doi = "doi.org/10.1016/j.physletb.2005.04.068",
author = "M. Altmann and others",
hyphenation = "english"
}

@article{Abdurashitov2009,
  title = "Measurement of the solar neutrino capture rate with gallium metal. {III}. {R}esults for the 2002--2007 data-taking period",
  author = {Abdurashitov, J. N. and others},
  collaboration = {SAGE Collaboration},
  journal = {Phys. Rev. C},
  volume = {80},
  number = {1},
  pages = {015807},
  numpages = {16},
  year = {2009},
  publisher = {American Physical Society},
  doi = {10.1103/PhysRevC.80.015807},
  hyphenation = "english"
}

@article{Mikheev1986,
      author         = "Mikheev, S. P. and Smirnov, A. {Yu}.",
      title          = "Resonant amplification of neutrino oscillations in matter and solar neutrino spectroscopy",
      journal        = "Nuovo Cim. C",
      volume         = "9",
      year           = "1986",
      pages          = "17-26",
      doi            = "10.1007/BF02508049",
      hyphenation	 = "english"
}

@article{Wolfenstein1977,
      author         = "Wolfenstein, L.",
      title          = "Neutrino Oscillations in Matter",
      journal        = "Phys. Rev. D",
      volume         = "17",
      year           = "1978",
      pages          = "2369-2374",
      doi            = "10.1103/PhysRevD.17.2369",
      hyphenation	 = "english"
}

@article{Aharmim2013,
  title = "Combined analysis of all three phases of solar neutrino data from the {Sudbury Neutrino Observatory}",
  author = {Aharmim, B. and others},
  collaboration = {SNO Collaboration},
  journal = {Phys. Rev. C},
  volume = {88},
  number = {2},
  pages = {025501},
  numpages = {27},
  year = {2013},
  publisher = {American Physical Society},
  doi = {10.1103/PhysRevC.88.025501},
  hyphenation = "english"
}

@article{Hosaka2006,
  title = {Solar neutrino measurements in Super-Kamiokande-I},
  author = {Hosaka, J. and others},
  collaboration = {Super-KamiokaNDE},
  journal = {Phys. Rev. D},
  volume = {73},
  number = {11},
  pages = {112001},
  numpages = {33},
  year = {2006},
  publisher = {American Physical Society},
  doi = {10.1103/PhysRevD.73.112001},
  hyphenation = "english"
}

@article{Bahcall2001,
	author = {Bahcall, John N. and Pinsonneault, M.~H. and Basu, Sarbani},
	title = "Solar Models: Current Epoch and Time Dependences, Neutrinos, and Helioseismological Properties",
	journal = {Astrophys. J.},
	year = "2001",
	volume = {555},
	number = {2},
	pages = {990-1012},
	doi = {10.1086/321493},
}

%Mixing parameters
%%%%%%%%%%%%%%%%%%

@Article{Esteban2019,
author="Esteban, I. and others",
title="Global analysis of three-flavour neutrino oscillations: synergies and tensions in the determination of {$\theta$}23, {$\delta$}CP, and the mass ordering",
journal="J. High Energy Phys.",
year="2019",
volume="2019",
number="1",
pages="106",
doi="10.1007/JHEP01(2019)106",
hyphenation = "english"
}

%Cosmology
%%%%%%%%%%
@article{Doroshkevich2004,
  author={Doroshkevich, A. and others},
  title={Large scale structure in the {SDSS} galaxy survey},
  year={2004},
  journal={Astron. Astrophys.},
  volume={418},
  pages={7--23},
  hyphenation = "english"
}

@online{Aghanim:2018,
      author         = "Aghanim, N. and others",
      title          = "{Planck 2018 results. VI. Cosmological parameters}",
      collaboration  = "Planck",
      year           = "2018",
      eprint         = "1807.06209",
      archivePrefix  = "arXiv",
      primaryClass   = "astro-ph.CO",
      hyphenation = "english"
}

@article{Yeche:2017upn,
      author         = "Yèche, Christophe and others",
      title          = "Constraints on neutrino masses from {Lyman-alpha} forest power spectrum with {BOSS} and {XQ-100}",
      journal        = "J. Cosmol. Astropart. Phys.",
      volume         = "1706",
      year           = "2017",
      number         = "06",
      pages          = "047",
      doi            = "10.1088/1475-7516/2017/06/047",
      hyphenation	 = "english"
}

%Neutrinoless double beta decay
%%%%%%%%%%%%%%%%%%%%%%%%%%%%%%%
@article{Agostini2018,
      author         = "Agostini, M. and others",
      title          = "Improved Limit on Neutrinoless Double-{$\upbeta$} Decay of {$^{76}$Ge} from {GERDA} Phase {II}",
      collaboration  = "{GERDA}",
      journal        = "Phys. Rev. Lett.",
      volume         = "120",
      year           = "2018",
      number         = "13",
      pages          = "132503",
      doi            = "10.1103/PhysRevLett.120.132503",
      hyphenation	 = "english"
}

@article{Gando2016,
  title = {Search for {Majorana} Neutrinos Near the Inverted Mass Hierarchy Region with {KamLAND-Zen}},
  author = {Gando, A. and others},
  collaboration = {KamLAND-Zen Collaboration},
  journal = {Phys. Rev. Lett.},
  volume = {117},
  number = {8},
  pages = {082503},
  numpages = {6},
  year = {2016},
  publisher = {American Physical Society},
  doi = {10.1103/PhysRevLett.117.082503},
  hyphenation = "english"
}

%beta decay kinematics
%%%%%%%%%%%%%%%%%%%%%%
@article{Otten:2008zz,
      author         = "Otten, E. W. and Weinheimer, C.",
      title          = "Neutrino mass limit from tritium beta decay",
      journal        = "Rep. Prog. Phys.",
      volume         = "71",
      year           = "2008",
      pages          = "086201",
      doi            = "10.1088/0034-4885/71/8/086201",
      hyphenation	 = "english"
}

@article{Loredo2002,
  title = "Bayesian analysis of neutrinos observed from supernova {SN 1987A}",
  author = {Loredo, Thomas J. and Lamb, Donald Q.},
  journal = {Phys. Rev. D},
  volume = {65},
  number = {6},
  pages = {063002},
  numpages = {39},
  year = {2002},
  publisher = {American Physical Society},
  doi = {10.1103/PhysRevD.65.063002},
  hyphenation = "english"
}

@article{Assamagan1996,
  title = {Upper limit of the muon-neutrino mass and charged-pion mass from momentum analysis of a surface muon beam},
  author = {Assamagan, K. and others},
  journal = {Phys. Rev. D},
  volume = {53},
  number = {11},
  pages = {6065--6077},
  numpages = {0},
  year = {1996},
  publisher = {American Physical Society},
  doi = {10.1103/PhysRevD.53.6065},
  hyphenation = "english"
}

@article{Barate:1997zg,
      author         = "Barate, R. and others",
      title          = "An Upper limit on the tau-neutrino mass from three-prong and five-prong tau decays",
      collaboration  = "{ALEPH}",
      journal        = "Eur. Phys. J.",
      volume         = "C2",
      year           = "1998",
      pages          = "395-406",
      doi            = "10.1007/s100520050149",
      hyphenation	 = "english"
}

@article{Kraus2005,
author = {Kraus, C and others},
year = {2005},
pages = {447-468},
title = {Final results from phase {II} of the {Mainz} neutrino mass search in tritium decay},
volume = {40},
journal = {Eur. Phys. J. C},
hyphenation = "english"
}

@article{Aseev:2011dq,
      author         = "Aseev, V. N. and others",
      title          = "An upper limit on electron antineutrino mass from {Troitsk} experiment",
      collaboration  = "{Troitsk}",
      journal        = "Phys. Rev. D",
      volume         = "84",
      year           = "2011",
      pages          = "112003",
      doi            = "10.1103/PhysRevD.84.112003",
      hyphenation	 = "english"
}