%History of Neutrinos
%%%%%%%%%%%%%%%%%%%%%
@article{Becquerel:1,
    author = {Becquerel, H.},
    year = {1895},
    pages = {501-503},
    title = "Sur les Radiations Invisibles Émises par les Corps Phosphorescents",
    volume = {122},
    journal = {Comptes rendus Acad des Sciences},
    language = "french"
}

@article{Rutherford:1,
    author = {Rutherford, E.},
    title = "{VIII. Uranium radiation and the electrical conduction produced by it}",
    journal = {The London, Edinburgh, and Dublin Philosophical Magazine and Journal of Science},
    volume = {47},
    number = {284},
    pages = {109-163},
    year  = {1899},
    doi = {10.1080/14786449908621245},
    language = "english"
}

@article{Thomson:1,
	author = {Thomson, J. J.},
	title = "{XL}. {C}athode Rays",
	journal = {The London, Edinburgh, and Dublin Philosophical Magazine and Journal of Science},
	volume = {44},
	number = {269},
	pages = {293-316},
	year  = {1897},
	doi = {10.1080/14786449708621070},
	language = "english"
}

@article{Becquerel:2,
	author = {Becquerel, H.},
	title = "Contribution à l’étude du rayonnement du radium",
	journal = {J. Phys. Theor. Appl.},
	volume = {9},
	number = {1},
	pages = {190-199},
	year  = {1900},
	language = "french"
}

@article{Chadwick:1,
      author        = "Chadwick, J.",
      title         = "Intensitätsverteilung im magnetischen Spectrum der
                       {$\beta$}-Strahlen von Radium {B + C}",
      journal       = "Verhandl. Dtsc. Phys. Ges.",
      volume        = "16",
      pages         = {383},
      year          = "1914",
      language 		= "german",
      hyphenation	= "german"
}

@article{Ellis:1,
      author        = "Ellis, C. D. and Wooster, W. A.",
      title         = "The average energy of disintegration of radium {E}",
      journal       = "Proc. R. Soc. Lond., A",
      volume        = "117",
      pages         = {109},
      year          = "1972",
      doi           = "10.1098/rspa.1927.0168",
    language = "english"
}

@article{Bohr:1,
    author          = "Bohr, N.",
    title           = "Faraday lecture. {C}hemistry and the quantum theory of atomic constitution",
    journal         = "J. Chem. Soc.",
    year            = "1932",
    issue           = "0",
    pages           = {349-384},
    publisher       = "The Royal Society of Chemistry",
    doi             = "10.1039/JR9320000349",
    language = "english"
}

@book{Pauli1930,
	title="Wissenschaftlicher Briefwechsel mit {Bohr}, {Einstein}, {Heisenberg} u.a. Band II: 1930--1939",
	author={Pauli, W. and Weisskopff, V.F. and others},
	isbn={9783540788010},
	year={2008},
	publisher={Springer Berlin Heidelberg},
	language = "ngerman",
	hyphenation	= "german"
}

@article{Fermi1934,
    author="Fermi, E.",
    title="Versuch einer Theorie der {$\beta$}-Strahlen",
    journal="Zeitschrift f{\"u}r Physik",
    year="1934",
    day="01",
    volume="88",
    number="3",
    pages="161--177",
    doi="10.1007/BF01351864",
    language = "ngerman",
    hyphenation	= "german"
}

@article{Cowan103,
	author = {Cowan, C. L. and Reines, F. and others},
	title = "Detection of the Free Neutrino: a Confirmation",
	volume = {124},
	number = {3212},
	pages = {103--104},
	year = {1956},
	doi = {10.1126/science.124.3212.103},
	publisher = {American Association for the Advancement of Science},
	issn = {0036-8075},
	journal = {Science},
    language = "english"
}

@article{Lee1956,
  title = "Question of Parity Conservation in Weak Interactions",
  author = {Lee, T. D. and Yang, C. N.},
  journal = {Phys. Rev.},
  volume = {104},
  issue = {1},
  pages = {254--258},
  numpages = {0},
  year = {1956},
  publisher = {American Physical Society},
  doi = {10.1103/PhysRev.104.254},
    language = "english"
}

@article{Wu1957,
  title = "Experimental Test of Parity Conservation in Beta Decay",
  author = {Wu, C. S. and Ambler, E. and others},
  journal = {Phys. Rev.},
  volume = {105},
  issue = {4},
  pages = {1413--1415},
  numpages = {0},
  year = {1957},
  month = {Feb},
  publisher = {American Physical Society},
  doi = {10.1103/PhysRev.105.1413},
    language = "english"
}

@article{Goldhaber1958,
  title = "Helicity of Neutrinos",
  author = {Goldhaber, M. and Grodzins, L. and others},
  journal = {Phys. Rev.},
  volume = {109},
  issue = {3},
  pages = {1015--1017},
  numpages = {0},
  year = {1958},
  month = {Feb},
  publisher = {American Physical Society},
  doi = {10.1103/PhysRev.109.1015},
    language = "english"
}

@article{Danby1962,
      author         = "Danby, G. and Gaillard, J. M. and others",
      title          = "Observation of High-Energy Neutrino Reactions and the
                        Existence of Two Kinds of Neutrinos",
      journal        = "Phys. Rev. Lett.",
      volume         = "9",
      year           = "1962",
      pages          = "36-44",
      doi            = "10.1103/PhysRevLett.9.36",
    language = "english"
}

@article{Glashow:1961,
      author         = "Glashow, S. L.",
      title          = "{Partial Symmetries of Weak Interactions}",
      journal        = "Nucl. Phys.",
      volume         = "22",
      year           = "1961",
      pages          = "579-588",
      doi            = "10.1016/0029-5582(61)90469-2",
    language = "english"
}

@article{Weinberg1967,
  title = "A Model of Leptons",
  author = {Weinberg, Steven},
  journal = {Phys. Rev. Lett.},
  volume = {19},
  issue = {21},
  pages = {1264--1266},
  numpages = {0},
  year = {1967},
  month = {Nov},
  publisher = {American Physical Society},
  doi = {10.1103/PhysRevLett.19.1264},
    language = "english"
}

@article{Salam:1968,
      author         = "Salam, Abdus",
      title          = "Weak and Electromagnetic Interactions",
      journal        = "Conf. Proc.",
      volume         = "C680519",
      year           = "1968",
      pages          = "367-377",
    language = "english"
}

@article{NumberOfNeutrinos,
title = "Determination of the number of light neutrino species from single photon production at {LEP}",
author = "M. Acciarri and others",
journal = "{Physics Letters B}",
volume = "431",
number = "1",
pages = "199 - 208",
year = "1998",
doi = "https://doi.org/10.1016/S0370-2693(98)00519-X",
language = "english"
}

@article{Kodama2000,
      author         = "Kodama, K. and others",
      title          = "{Observation of tau neutrino interactions}",
      collaboration  = "DONUT",
      journal        = "Phys. Lett.",
      volume         = "B504",
      year           = "2001",
      pages          = "218-224",
      doi            = "10.1016/S0370-2693(01)00307-0",
    language = "english"
}

%Text Books
%%%%%%%%%%%
@book{zuber2011neutrino,
  title={Neutrino Physics, Second Edition},
  author={Zuber, K.},
  isbn={9781420064711},
  lccn={2010024641},
  series={Series in High Energy Physics, Cosmology and Gravitation},
  year={2011},
  publisher={Taylor \& Francis},
    language = "english"
}

%Experimental Data
%%%%%%%%%%%%%%%%%%
@article{ReviewOfParticlePhysics,
  title = {Review of Particle Physics},
  author = {Tanabashi, M. and others},
  collaboration = {Particle Data Group},
  journal = {Phys. Rev. D},
  volume = {98},
  issue = {3},
  pages = {030001},
  numpages = {1898},
  year = {2018},
  month = {Aug},
  publisher = {American Physical Society},
  doi = {10.1103/PhysRevD.98.030001},
    language = "english"
}

%Solar Neutrinos
%%%%%%%%%%%%%%%%

@article{Bethe38,
  title = {The Formation of Deuterons by Proton Combination},
  author = {Bethe, H. A. and Critchfield, C. L.},
  journal = {Phys. Rev.},
  volume = {54},
  issue = {4},
  pages = {248--254},
  numpages = {0},
  year = {1938},
  month = {Aug},
  publisher = {American Physical Society},
  doi = {10.1103/PhysRev.54.248},
    language = "english"
}

@article{Bethe39,
  title = {Energy Production in Stars},
  author = {Bethe, H. A.},
  journal = {Phys. Rev.},
  volume = {55},
  issue = {5},
  pages = {434--456},
  numpages = {0},
  year = {1939},
  month = {Mar},
  publisher = {American Physical Society},
  doi = {10.1103/PhysRev.55.434},
  language = "english"
}

@article{Weiz1938,
  title = {Über Elementumwandlungen im Innern der Sterne},
  author = {Weizäcker, C. F.},
  journal = {Phys. Zeit.},
  volume = {39},
  issue = {633},
  pages = {46},
  year = {1938},
  language = "ngerman",
  hyphenation	= "german"
}

@article{Cleveland1998,
      author         = "Cleveland, B. T. and Davis, Jr. and others",
      title          = "{Measurement of the solar electron neutrino flux with the
                        Homestake chlorine detector}",
      journal        = "Astrophys. J.",
      volume         = "496",
      year           = "1998",
      pages          = "505-526",
      doi            = "10.1086/305343",
      language = "english"
}

@article{Kirsten1998,
title = "{GALLEX} solar neutrino results",
journal = "Progress in Particle and Nuclear Physics",
volume = "40",
pages = "85 - 99",
year = "1998",
note = "Neutrinos in Astro, Particle and Nuclear Physics",
issn = "0146-6410",
doi = "https://doi.org/10.1016/S0146-6410(98)00013-1",
author = "T.A. Kirsten",
language = "english"
}

@article{Altmann2005,
title = "Complete results for five years of {GNO} solar neutrino observations",
journal = "Physics Letters B",
volume = "616",
number = "3",
pages = "174 - 190",
year = "2005",
doi = "https://doi.org/10.1016/j.physletb.2005.04.068",
author = "M. Altmann and M. Balata and others",
language = "english"
}

@article{Abdurashitov2009,
  title = {Measurement of the solar neutrino capture rate with gallium metal. {III}. {R}esults for the 2002--2007 data-taking period},
  author = {Abdurashitov, J. N. and Gavrin, V. N. and others},
  collaboration = {SAGE Collaboration},
  journal = {Phys. Rev. C},
  volume = {80},
  issue = {1},
  pages = {015807},
  numpages = {16},
  year = {2009},
  month = {Jul},
  publisher = {American Physical Society},
  doi = {10.1103/PhysRevC.80.015807},
  language = "english"
}

@article{Mikheev1986,
      author         = "Mikheev, S. P. and Smirnov, A. {Yu}.",
      title          = "{Resonant amplification of neutrino oscillations in
                        matter and solar neutrino spectroscopy}",
      journal        = "Nuovo Cim.",
      volume         = "C9",
      year           = "1986",
      pages          = "17-26",
      doi            = "10.1007/BF02508049",
      language = "english"
}

@article{Wolfenstein1977,
      author         = "Wolfenstein, L.",
      title          = "Neutrino Oscillations in Matter",
      journal        = "Phys. Rev.",
      volume         = "D17",
      year           = "1978",
      pages          = "2369-2374",
      doi            = "10.1103/PhysRevD.17.2369",
      note           = "[,294(1977)]",
      reportNumber   = "COO-3066-102",
      language = "english"
}

@article{Aharmim2013,
  title = {Combined analysis of all three phases of solar neutrino data from the {Sudbury Neutrino Observatory}},
  author = {Aharmim, B. and Ahmed, S. N. and others},
  collaboration = {SNO Collaboration},
  journal = {Phys. Rev. C},
  volume = {88},
  issue = {2},
  pages = {025501},
  numpages = {27},
  year = {2013},
  month = {Aug},
  publisher = {American Physical Society},
  doi = {10.1103/PhysRevC.88.025501},
  language = "english"
}

@article{Hosaka2006,
  title = {Solar neutrino measurements in Super-Kamiokande-I},
  author = {Hosaka, J. and Ishihara, K. and Kameda, J. and others},
  collaboration = {Super-Kamiokande Collaboration},
  journal = {Phys. Rev. D},
  volume = {73},
  issue = {11},
  pages = {112001},
  numpages = {33},
  year = {2006},
  month = {Jun},
  publisher = {American Physical Society},
  doi = {10.1103/PhysRevD.73.112001},
  language = "english"
}

%Mixing parameters
%%%%%%%%%%%%%%%%%%

@Article{Esteban2019,
author="Esteban, I. and {Gonzalez-Garcia, M. C.} and others",
title="Global analysis of three-flavour neutrino oscillations: synergies and tensions in the determination of {$\theta$}23, {$\delta$}CP, and the mass ordering",
journal="Journal of High Energy Physics",
year="2019",
month="Jan",
volume="2019",
number="1",
pages="106",
issn="1029-8479",
doi="10.1007/JHEP01(2019)106",
language = "english"
}

%Cosmology
%%%%%%%%%%
@article{Doroshkevich2004,
  author={Doroshkevich, A. and Tucker, D. L. and others},
  title={Large scale structure in the {SDSS} galaxy survey},
  year={2004},
  journal={Astron. Astrophys.},
  volume={418},
  pages={7--23},
  language = "english"
}

@online{Aghanim:2018,
      author         = "Aghanim, N. and others",
      title          = "{Planck 2018 results. VI. Cosmological parameters}",
      collaboration  = "Planck",
      year           = "2018",
      eprint         = "1807.06209",
      archivePrefix  = "arXiv",
      primaryClass   = "astro-ph.CO",
      language = "english"
}

@article{Yeche:2017upn,
      author         = "Yèche, Christophe and {Palanque-Delabrouille, Nathalie} and others",
      title          = "{Constraints on neutrino masses from Lyman-alpha forest power spectrum with BOSS and XQ-100}",
      journal        = "JCAP",
      volume         = "1706",
      year           = "2017",
      number         = "06",
      pages          = "047",
      doi            = "10.1088/1475-7516/2017/06/047",
      eprint         = "1702.03314",
      archivePrefix  = "arXiv",
      primaryClass   = "astro-ph.CO",
      language = "english"
}

%Neutrinoless double beta decay
%%%%%%%%%%%%%%%%%%%%%%%%%%%%%%%
@article{Agostini2018,
      author         = "Agostini, M. and others",
      title          = "Improved Limit on Neutrinoless Double-{$\beta$} Decay of {$^{76}$Ge} from {GERDA} Phase {II}",
      collaboration  = "GERDA",
      journal        = "Phys. Rev. Lett.",
      volume         = "120",
      year           = "2018",
      number         = "13",
      pages          = "132503",
      doi            = "10.1103/PhysRevLett.120.132503",
      eprint         = "1803.11100",
      archivePrefix  = "arXiv",
      primaryClass   = "nucl-ex",
      language = "english"
}

@article{Gando2016,
  title = {Search for {Majorana} Neutrinos Near the Inverted Mass Hierarchy Region with {KamLAND-Zen}},
  author = {Gando, A. and Gando, Y. and others},
  collaboration = {KamLAND-Zen Collaboration},
  journal = {Phys. Rev. Lett.},
  volume = {117},
  issue = {8},
  pages = {082503},
  numpages = {6},
  year = {2016},
  month = {Aug},
  publisher = {American Physical Society},
  doi = {10.1103/PhysRevLett.117.082503},
  language = "english"
}

%beta decay kinematics
%%%%%%%%%%%%%%%%%%%%%%
@article{Otten:2008zz,
      author         = "Otten, E. W. and Weinheimer, C.",
      title          = "{Neutrino mass limit from tritium beta decay}",
      journal        = "Rept. Prog. Phys.",
      volume         = "71",
      year           = "2008",
      pages          = "086201",
      doi            = "10.1088/0034-4885/71/8/086201",
      eprint         = "0909.2104",
      archivePrefix  = "arXiv",
      primaryClass   = "hep-ex",
      language = "english"
}

@article{Loredo2002,
  title = {Bayesian analysis of neutrinos observed from supernova {SN 1987A}},
  author = {Loredo, Thomas J. and Lamb, Donald Q.},
  journal = {Phys. Rev. D},
  volume = {65},
  issue = {6},
  pages = {063002},
  numpages = {39},
  year = {2002},
  month = {Feb},
  publisher = {American Physical Society},
  doi = {10.1103/PhysRevD.65.063002},
  language = "english"
}

@article{Assamagan1996,
  title = {Upper limit of the muon-neutrino mass and charged-pion mass from momentum analysis of a surface muon beam},
  author = {Assamagan, K. and Br\"onnimann, Ch. and others},
  journal = {Phys. Rev. D},
  volume = {53},
  issue = {11},
  pages = {6065--6077},
  numpages = {0},
  year = {1996},
  month = {Jun},
  publisher = {American Physical Society},
  doi = {10.1103/PhysRevD.53.6065},
  language = "english"
}

@article{Barate:1997zg,
      author         = "Barate, R. and others",
      title          = "{An Upper limit on the tau-neutrino mass from three-prong and five-prong tau decays}",
      collaboration  = "ALEPH",
      journal        = "Eur. Phys. J.",
      volume         = "C2",
      year           = "1998",
      pages          = "395-406",
      doi            = "10.1007/s100520050149",
      reportNumber   = "CERN-PPE-97-138, FSU-SCRI-98-66",
      language = "english"
}

@article{Kraus2005,
author = {Kraus, C and Bornschein, B and others},
year = {2005},
month = {04},
pages = {447-468},
title = {Final results from phase {II} of the {Mainz} neutrino mass search in tritium decay},
volume = {40},
journal = {European Physical Journal C},
language = "english"
}

@article{Aseev:2011dq,
      author         = "Aseev, V. N. and others",
      title          = "{An upper limit on electron antineutrino mass from Troitsk experiment}",
      collaboration  = "Troitsk",
      journal        = "Phys. Rev.",
      volume         = "D84",
      year           = "2011",
      pages          = "112003",
      doi            = "10.1103/PhysRevD.84.112003",
      eprint         = "1108.5034",
      archivePrefix  = "arXiv",
      primaryClass   = "hep-ex",
      language = "english"
}