%Experimental Setup
%%%%%%%%%%%%%%%%%%%

@article{Grohman2008,
	author = {Grohmann, S. and others},
	title = "CRYOGENIC DESIGN OF THE {KATRIN} SOURCE CRYOSTAT",
	journal = "AIP Conf. Proc.",
	volume = {985},
	number = {1},
	pages = {1277-1284},
	year = {2008},
	doi = {10.1063/1.2908483},
	hyphenation = "english"
}

@phdthesis{Babutzka2014,
    author       = {Babutzka, Martin},
  	school = {KIT},
    year         = {2014},
    title        = "Design and development for the Rearsection of the {KATRIN} experiment",
    doi          = {10.5445/IR/1000045598},
    publisher    = {{KIT, Karlsruhe}},
    hyphenation     = {english}
}
@article{Kuckert2018,
title = "Modelling of gas dynamical properties of the {KATRIN} tritium source and implications for the neutrino mass measurement",
journal = "Vacuum",
volume = "158",
pages = "195 - 205",
year = "2018",
doi = "10.1016/j.vacuum.2018.09.036",
author = "Laura Kuckert and others",
hyphenation = "english"
}

@phdthesis{Jansen2015,
    author       = {Jansen, Alexander},
  	school = {KIT},
    year         = {2015},
    title        = "The Cryogenic Pumping Section of the {KATRIN} Experiment - Design Studies and Experiments for the Commissioning",
    doi          = {10.5445/IR/1000047146},
    publisher    = {{KIT, Karlsruhe}},
    hyphenation     = {english}
}

@article{Arenz2018,
	title = {The {KATRIN} superconducting magnets: overview and first performance results},
	author = {M. Arenz and others},
	doi = {10.1088/1748-0221/13/08/t08005},
	year = 2018,
	publisher = {{IOP} Publishing},
	volume = {13},
	number = {08},
	pages = {T08005},
	journal = {J. Instrum.}
}

@phdthesis{Klein2019,
	author       = {Klein, Manuel},
	year         = {2019},
	title        = {Tritium ions in {KATRIN}: blocking, removal and detection},
	doi          = {10.5445/IR/1000093526},
	publisher    = {KIT},
	school       = {KIT},
	hyphenation     = {english},
	shorthand = {Klein19}
}

@article{PRIESTER201542,
	title = "Commissioning and detailed results of {KATRIN} inner loop tritium processing system at {Tritium Laboratory Karlsruhe}",
	journal = "Vacuum",
	volume = "116",
	pages = "42 - 47",
	year = "2015",
	doi = "10.1016/j.vacuum.2015.02.030",
	author = "Florian Priester and Michael Sturm and Beate Bornschein"
}

@phdthesis{Schloesser2013,
	author       = {Schlösser, {M. R.\,H.}},
	year         = {2013},
	title        = "Accurate calibration of the {Raman} system for the {Karlsruhe Tritium Neutrino Experiment}",
	doi          = {10.5445/IR/1000034967},
	publisher    = {{KIT, Karlsruhe}},
	school		 = {{KIT}},
	hyphenation     = {english}
}

@phdthesis{Kosmider2012,
    author       = {Kosmider, Andreas},
  	school = {KIT},
    year         = {2012},
    title        = {Tritium Retention Techniques in the {KATRIN} Transport Section and Commissioning of its {DPS2-F} Cryostat},
    doi          = {10.5445/IR/1000028959},
    publisher    = {KIT},
    hyphenation     = {english}
}

@phdthesis{Harms2015,
    author       = {Harms, Fabian Thomas},
  	school		 = {KIT},
    year         = {2015},
    title        = {Characterization and Minimization of Background Processes in the {KATRIN} Main Spectrometer},
    doi          = {10.5445/IR/1000050027},
    publisher    = {{KIT, Karlsruhe}},
    hyphenation     = {english}
}

@phdthesis{Kuckert2016,
	author       = {Kuckert, Laura},
	year         = {2016},
	title        = "The Windowless Gaseous Tritium Source of the {KATRIN} Experiment - Characterisation of Gas Dynamical and Plasma Properties",
	doi          = {10.5445/IR/1000065077},
	publisher    = {KIT},
	school       = {KIT},
	hyphenation     = {english}
}

@article{Babutzka2012,
	doi = {10.1088/1367-2630/14/10/103046},
	year = 2012,
	publisher = {{IOP} Publishing},
	volume = {14},
	number = {10},
	pages = {103046},
	author = {M Babutzka and others},
	title = {Monitoring of the operating parameters of the {KATRIN} Windowless Gaseous Tritium Source},
	journal = {New J. Phys.},
}

@phdthesis{Schoenung2016,
	author       = {Schönung, Kerstin},
	year         = {2016},
	title        = {Development of a Rear Wall for the {KATRIN} Rear Section and investigation of tritium compatibility of Rear Section components},
	doi          = {10.5445/IR/1000056077},
	publisher    = {KIT},
	school       = {KIT},
	hyphenation  = {english}
}

@phdthesis{Roellig2015,
	author       = {Röllig, Marco},
	year         = {2015},
	title        = {Tritium analytics by beta induced {X-ray} spectrometry},
	doi          = {10.5445/IR/1000054050},
	school    = {KIT},
	hyphenation  = {english}
}

@article{ZHANG2012,
	author = "S.W. Zhang and G.Z. Ji and J. Han",
	title = "The Positional and Angular Distribution of Molecules Flowing through Cylindrical Tube in Free Molecular Flow",
	journal = "Phys. Procedia",
	volume = "32",
	pages = "513 - 524",
	year = "2012",
	doi = "10.1016/j.phpro.2012.03.595"
}

@article{Ubieto2009,
title = "A broad-band {FT-ICR} Penning trap system for {KATRIN}",
journal = "Int. J. Mass Spectrom.",
volume = "288",
number = "1",
pages = "1 - 5",
year = "2009",
doi = "10.1016/j.ijms.2009.07.003",
author = "M. {Ubieto-Díaz} and others",
hyphenation= "english"
}

@phdthesis{SeitzM2019,
  type = {PhD thesis},
  title = {Characterisation of the {KATRIN} tritium source and evaluation of systematic effects},
  author = {Seitz-Moskaliuk, H.},
  school = {KIT},
  year = {2019},
  hyphenation = "english",
  doi = {10.5445/IR/1000090748},
}

@phdthesis{Roettele2019,
	type = {PhD thesis},
	title = {Tritium suppression factor of the {KATRIN} transport section},
	author = {Röttele, C.},
	school = {KIT},
	year = {2019},
	hyphenation = "english",
	note = "To be published",
}

@phdthesis{Ellinger2019,
	type = {PhD thesis},
	title = {Development and investigation of the {Forward Beam Monitor} for the {KATRIN} experiment},
	author = {Ellinger, E.},
	school = {Bergische Universität Wuppertal},
	year = {2019},
	hyphenation = "english",
	note = "To be published"
}

@article{Ellinger2017,
	doi = {10.1088/1742-6596/888/1/012229},
	year = 2017,
	publisher = {{IOP} Publishing},
	volume = {888},
	pages = {012229},
	author = {E. Ellinger and others},
	title = {Monitoring the {KATRIN} source properties within the beamline},
	journal = {J. Phys. Conf. Ser.},
	hyphenation = {english}
}

@article{Arenz2018Kr,
	doi = {10.1088/1748-0221/13/04/p04020},
	year = 2018,
	publisher = {{IOP} Publishing},
	volume = {13},
	number = {04},
	pages = {P04020--P04020},
	author = {M. Arenz and others},
	title = "First transmission of electrons and ions through the {KATRIN} beamline",
	journal = {J. Instrum.}
}

@phdthesis{Bauer2014,
  type = {PhD thesis},
  title = {Energy calibration and stability monitoring of the {KATRIN} experiment},
  author = {Bauer, S.},
  school = {WWU},
  year = {2014},
  hyphenation = "english",
  url = "https://miami.uni-muenster.de/Record/da3d6759-9202-4b68-bb80-711f52b208d8"
}

@phdthesis{Dyba2019,
	type = {PhD thesis},
	title = "Background reduction by the inner wire electrode and set-up of the condensed krypton source at the neutrino mass experiment {KATRIN}",
	author = {Dyba, S.},
	school = {WWU},
	year = {2019},
	hyphenation = "english"
}

@phdthesis{Valerius2009,
  type = {PhD thesis},
  title = {Spectrometer-related background processes and their suppression in the {KATRIN} experiment},
  author = {Valerius, K.},
  school = {WWU},
  year = {2009},
  hyphenation = "english",
  url = "http://repositorium.uni-muenster.de/document/miami/93137705-73f4-404a-a438-09d487cbff63/"
}

@phdthesis{Valerius2004,
	type = {Diploma thesis},
	title = {Elektromagnetisches Design für das Hauptspektrometer des {KATRIN} Experiments},
	author = {Valerius, K.},
	school = {WWU},
	year = {2004},
	hyphenation = "ngerman",
	url = "https://www.uni-muenster.de/Physik.KP/AGWeinheimer/Files/theses/Diplom_Kathrin_Valerius.pdf"
}

@phdthesis{Zboril2011,
	type = {PhD thesis},
	title = {Feste Elektronenquellen für die Energieskalaüberwachung im {KATRIN} Experiment},
	author = {M Zbořil},
	school = {WWU},
	year = {2011},
	hyphenation = "ngerman",
	url = "http://repositorium.uni-muenster.de/document/miami/79b74253-2dcd-493b-a08d-4eeb5a10b8c1/diss_zboril.pdf"
}

@article{Beamson1980,
	doi = {10.1088/0022-3735/13/1/018},
	year = 1980,
	publisher = {{IOP} Publishing},
	volume = {13},
	number = {1},
	pages = {64--66},
	author = {G. Beamson and H. Q. Porter and D. W. Turner},
	title = {The collimating and magnifying properties of a superconducting field photoelectron spectrometer},
	journal = {J. Phys. E}
}

@book{jackson1975classical,
	title={Classical electrodynamics},
	author={Jackson, J.D.},
	isbn={9780471431329},
	year={1975},
	publisher={Wiley, Hoboken}
}

@phdthesis{Fraenkle2010,
	author       = {Fränkle, Florian M.},
	year         = {2010},
	title        = {Background Investigations of the {KATRIN} Pre-Spectrometer},
	doi          = {10.5445/IR/1000019392},
	publisher    = {{KIT}},
	school		 = {{KIT}},
	language     = {english}
}

@article{Erhard2018,
	doi = {10.1088/1748-0221/13/02/p02003},
	year = 2018,
	publisher = {{IOP} Publishing},
	volume = {13},
	number = {02},
	pages = {P02003},
	author = {M. Erhard and others},
	title = {Technical design and commissioning of the {KATRIN} large-volume air coil system},
	journal = "J. Instrum.",
    hyphenation = "english"
}

@article{Letnev2018,
	doi = {10.1088/1748-0221/13/08/t08010},
	year = 2018,
	publisher = {{IOP} Publishing},
	volume = {13},
	number = {08},
	pages = {T08010},
	author = {J. Letnev and others},
	title = "Technical design and commissioning of a sensor net for fine-meshed measuring of the magnetic field at the {KATRIN} spectrometer",
	journal = "J. Instrum.",
    hyphenation = "english"
}

@article{Prall2012,
	doi = {10.1088/1367-2630/14/7/073054},
	year = 2012,
	publisher = {{IOP} Publishing},
	volume = {14},
	number = {7},
	pages = {073054},
	author = {M. Prall and others},
	title = {The {KATRIN} pre-spectrometer at reduced filter energy},
	journal = "New J. Phys.",
  	hyphenation = "english"
}

@article{Thuemmler2009,
	doi = {10.1088/1367-2630/11/10/103007},
	year = 2009,
	publisher = {{IOP} Publishing},
	volume = {11},
	number = {10},
	pages = {103007},
	author = {Thümmler, T. and others},
	title = {Precision high voltage divider for the {KATRIN} experiment},
	journal = "New J. Phys.",
  	hyphenation = "english"
}

@article{Arenz2016,
	doi = {10.1088/1748-0221/11/04/p04011},
	year = 2016,
	publisher = {{IOP} Publishing},
	volume = {11},
	number = {04},
	pages = {P04011},
	author = {M. Arenz and others},
	title = {Commissioning of the vacuum system of the {KATRIN} Main Spectrometer},
	journal = {J. Instrum.},
  	hyphenation = "english"
}

@article{Erhard2014,
	doi = {10.1088/1748-0221/9/06/p06022},
	year = 2014,
	publisher = {{IOP} Publishing},
	volume = {9},
	number = {06},
	pages = {P06022--P06022},
	author = "Erhard, M. and others",
	title = {High-voltage monitoring with a solenoid retarding spectrometer at the {KATRIN} experiment},
	journal = {J. Instrum.},
  	hyphenation = "english"
}

@article{Amsbaugh2015,
title = "Focal-plane detector system for the {KATRIN} experiment",
journal = "Nucl. Instrum. Methods Phys. Res.",
volume = "778",
pages = "40 - 60",
year = "2015",
issn = "0168-9002",
doi = "10.1016/j.nima.2014.12.116",
author = "J.F. Amsbaugh and others",
hyphenation="english"
}

@phdthesis{Trost2019,
    author       = {Trost, N. R.-M.},
    year         = {2019},
    title        = {Modeling and measurement of {Rydberg}-State mediated Background at the {KATRIN} Main Spectrometer},
    doi          = {10.5445/IR/1000090450},
    publisher    = {{KIT, Karlsruhe}},
    school       = {KIT},
    hyphenation     = {english}
}

%FSDs
%%%%%
@article{Svante1999,
  title = {Neutrino-mass determination from tritium {$\ensuremath{\upbeta}$} decay: Corrections to and prospects of experimental verification of the final-state spectrum},
  author = {Jonsell, Svante and Saenz, Alejandro and Froelich, Piotr},
  journal = {Phys. Rev. C},
  volume = {60},
  number = {3},
  pages = {034601},
  numpages = {12},
  year = {1999},
  publisher = {American Physical Society},
  doi = {10.1103/PhysRevC.60.034601},
  hyphenation     = {english}
}

@article{Doss:2006,
	author         = "Doss, Natasha and Tennyson, Jonathan and Saenz, Alejandro and Jonsell, Svante",
	title          = "Molecular effects in investigations of tritium molecule beta decay endpoint experiments",
	journal        = "Phys. Rev. C",
	volume         = "73",
	year           = "2006",
	pages          = "025502",
	doi            = "10.1103/PhysRevC.73.025502"
}

@article{Bodine2015,
  title = {Assessment of molecular effects on neutrino mass measurements from tritium {$\ensuremath{\upbeta}$} decay},
  author = {Bodine, L. I. and Parno, D. S. and Robertson, R. G. H.},
  journal = {Phys. Rev. C},
  volume = {91},
  number = {3},
  pages = {035505},
  numpages = {24},
  year = {2015},
  publisher = {American Physical Society},
  doi = {10.1103/PhysRevC.91.035505},
  hyphenation     = {english}
}


@phdthesis{Kleesiek2014,
    author       = {Kleesiek, Marco},
    year         = {2014},
    title        = {A Data-Analysis and Sensitivity-Optimization Framework for the {KATRIN} Experiment},
    doi          = {10.5445/IR/1000043301},
    school   	 = {{KIT}},
    hyphenation  = {english}
}

% eloss
%%%%%%%

@Article{Aseev2000,
	author="Aseev, V.N. and others",
	title="Energy loss of 18 {keV} electrons in gaseous {T} and quench condensed {D} films",
	journal="Eur. Phys. J. D",
	year="2000",
	volume="10",
	number="1",
	pages="39--52",
	doi="10.1007/s100530050525",
	hyphenation = {english}
}

@Article{Abdurashitov2017,
	author="Abdurashitov, D. N. and others",
	title="Electron scattering on hydrogen and deuterium molecules at 14--25 {keV} by the `{Troitsk} nu-mass' experiment",
	journal="Phys. Part. Nuclei Lett.",
	year="2017",
	volume="14",
	number="6",
	pages="892--899",
	doi="10.1134/S1547477117060024",
    hyphenation     = {english}
}